@misc{bzdok2018points,
  title={Points of significance: statistics versus machine learning},
  author={Bzdok, Danilo and Altman, Naomi and Krzywinski, Martin},
  year={2018},
  publisher={Nature Publishing Group}
}

@article{cleland2011prediction,
  title={Prediction and explanation in historical natural science},
  author={Cleland, Carol E},
  journal={The British Journal for the Philosophy of Science},
  volume={62},
  number={3},
  pages={551--582},
  year={2011},
  publisher={Oxford University Press}
}

@book{gelman2013bayesian,
  title={Bayesian data analysis},
  author={Gelman, Andrew and Carlin, John B and Stern, Hal S and Dunson, David B and Vehtari, Aki and Rubin, Donald B},
  year={2013},
  publisher={Chapman and Hall/CRC}
}

@article{hitchcock2004prediction,
  title={Prediction versus accommodation and the risk of overfitting},
  author={Hitchcock, Christopher and Sober, Elliott},
  journal={The British journal for the philosophy of science},
  volume={55},
  number={1},
  pages={1--34},
  year={2004},
  publisher={Oxford University Press}
}

@inproceedings{maher1988prediction,
  title={Prediction, accommodation, and the logic of discovery},
  author={Maher, Patrick},
  booktitle={PSA: Proceedings of the Biennial meeting of the philosophy of science association},
  volume={1988},
  number={1},
  pages={273--285},
  year={1988},
  organization={Philosophy of Science Association}
}

@article{worrall2014prediction,
  title={Prediction and accommodation revisited},
  author={Worrall, John},
  journal={Studies in History and Philosophy of Science Part A},
  volume={45},
  pages={54--61},
  year={2014},
  publisher={Elsevier}
}

